<record><leader>00000cas a22000007a 4500</leader><controlfield tag="001">21254128</controlfield><controlfield tag="008">900322d18uu1uuucouwr ne      0    0eng d</controlfield><datafield ind1=" " ind2=" " tag="010"><subfield code="a">sn 90051156 </subfield></datafield><datafield ind1=" " ind2=" " tag="040"><subfield code="a">CNQ</subfield><subfield code="b">eng</subfield><subfield code="c">CNQ</subfield><subfield code="d">OCLCQ</subfield></datafield><datafield ind1=" " ind2=" " tag="042"><subfield code="a">msc</subfield></datafield><datafield ind1="0" ind2="4" tag="245"><subfield code="a">The Rico news.</subfield></datafield><datafield ind1=" " ind2=" " tag="260"><subfield code="a">Rico, Dolores County, Colo. :</subfield><subfield code="b">Morrish &amp; Coughlin</subfield></datafield><datafield ind1=" " ind2=" " tag="300"><subfield code="a">v.</subfield></datafield><datafield ind1=" " ind2=" " tag="310"><subfield code="a">Weekly</subfield></datafield><datafield ind1=" " ind2=" " tag="530"><subfield code="a">Available on microfilm from the Colorado Historical Society.</subfield></datafield><datafield ind1=" " ind2=" " tag="588"><subfield code="a">Description based on: Vol. 13, no. 45 (June 25, 1892).</subfield></datafield><datafield ind1=" " ind2=" " tag="752"><subfield code="a">United States</subfield><subfield code="b">Colorado</subfield><subfield code="c">Dolores</subfield><subfield code="d">Rico.</subfield></datafield><datafield ind1="0" ind2="7" tag="785"><subfield code="t">Rico sun</subfield><subfield code="w">(DLC)sn 91052465</subfield></datafield><datafield ind1="0" ind2="7" tag="785"><subfield code="t">Rico news-sun</subfield><subfield code="w">(DLC)sn 90051155</subfield></datafield></record>